@article{guidotti2018LORE,
  author  = {Riccardo Guidotti and
             Anna Monreale and
             Salvatore Ruggieri and
             Dino Pedreschi and
             Franco Turini and
             Fosca Giannotti},
  title   = {Local Rule-Based Explanations of Black Box Decision Systems},
  journal = {CoRR},
  volume  = {abs/1805.10820},
  year    = {2018}
}

@article{fortin2012DEAP,
  author  = {F{\'{e}}lix{-}Antoine Fortin and
             Fran{\c{c}}ois{-}Michel De Rainville and
             Marc{-}Andr{\'{e}} Gardner and
             Marc Parizeau and
             Christian Gagn{\'{e}}},
  title   = {{DEAP:} evolutionary algorithms made easy},
  journal = {J. Mach. Learn. Res.},
  volume  = {13},
  pages   = {2171--2175},
  year    = {2012}
}

@article{derrac2010survey,
  author  = {Joaqu{\'{\i}}n Derrac and
             Salvador Garc{\'{\i}}a and
             Francisco Herrera},
  title   = {A Survey on Evolutionary Instance Selection and Generation},
  journal = {Int. J. Appl. Metaheuristic Comput.},
  volume  = {1},
  number  = {1},
  pages   = {60--92},
  year    = {2010}
}

@article{goldberg1988geneticML,
  author  = {David E. Goldberg and
             John H. Holland},
  title   = {Genetic Algorithms and Machine Learning},
  journal = {Mach. Learn.},
  volume  = {3},
  pages   = {95--99},
  year    = {1988}
}


@article{jakobovic2024ECF,
  author  = {Domagoj Jakobovic and
             Marko Durasevic and
             Stjepan Picek and
             Bruno Gasperov},
  title   = {{ECF:} {A} C++ framework for evolutionary
             computation},
  journal = {SoftwareX},
  volume  = {27},
  pages   = {101640},
  year    = {2024}
}

