@article{guidotti2018LORE,
  author       = {Riccardo Guidotti and
                  Anna Monreale and
                  Salvatore Ruggieri and
                  Dino Pedreschi and
                  Franco Turini and
                  Fosca Giannotti},
  title        = {Local Rule-Based Explanations of Black Box Decision Systems},
  journal      = {CoRR},
  volume       = {abs/1805.10820},
  year         = {2018}
}

@article{fortin2012DEAP,
  author       = {F{\'{e}}lix{-}Antoine Fortin and
                  Fran{\c{c}}ois{-}Michel De Rainville and
                  Marc{-}Andr{\'{e}} Gardner and
                  Marc Parizeau and
                  Christian Gagn{\'{e}}},
  title        = {{DEAP:} evolutionary algorithms made easy},
  journal      = {J. Mach. Learn. Res.},
  volume       = {13},
  pages        = {2171--2175},
  year         = {2012}
}

